@Misc{metapost,
  author = 	 {John Hobby},
  title = 	 {MetaPost},
  year = {1994},
  note =	 {\url{http://plan9.bell-labs.com/who/hobby/MetaPost.html}},
  url =	 {http://plan9.bell-labs.com/who/hobby/MetaPost.html},
}

@Misc{functionalmetapost,
  author =	 {Meik Hellmund, Ralf Hinze, Joachim Korittky, Marco Kuhlmann, Ferenc W\'agner, and Peter Simons},
  title =	 {{Functional Metapost}},
  note =	 {\url{http://cryp.to/funcmp/}},
  url = {http://cryp.to/funcmp/}
}


@inproceedings{Chailloux_Suarez94,
  author =   "Emmanuel Chailloux and Asc\'ander Su\'arez",
  title =    "{mlPicTex}, A Picture Environment for {LaTeX}",
  pages =    {79--90},
  year = {1994},
  booktitle = "Workshop on {ML}"
}

